@inproceedings{df1,
  title={Improved Deepfake Video Detection Using Convolutional Vision Transformer},
  author={Deressa, Deressa Wodajo and Lambert, Peter and Van Wallendael, Glenn and Atnafu, Solomon and Mareen, Hannes},
  booktitle={2024 IEEE Gaming, Entertainment, and Media Conference (GEM)},
  pages={1--6},
  year={2024},
  organization={IEEE}
}
@inproceedings{df2,
  title={A Novel Framework based on a Hybrid Vision Transformer and Deep Neural Network for Deepfake Detection},
  author={Shahin, Mohammed and Deriche, Mohamed},
  booktitle={2024 21st International Multi-Conference on Systems, Signals \& Devices (SSD)},
  pages={329--333},
  year={2024},
  organization={IEEE}
}
@article{df3,
  title={DeepFake Video Detection using Vision Transformer},
  author={Hussien, Shereen Ahmed and Mohamed, Seif N},
  journal={International Journal of Intelligent Computing and Information Sciences},
  year={2024},
  publisher={Ain Shams University, Faculty of Computer and Information Science}
}
@article{df4,
  title={Deepfake Detection: Analysing Model Generalisation Across Architectures, Datasets and Pre-Training Paradigms},
  author={Khan, Sohail Ahmed and Dang-Nguyen, Duc-Tien},
  journal={IEEE Access},
  year={2023},
  publisher={IEEE}
}
@inproceedings{df5,
  title={A Hybrid Xception-LSTM Model with Channel and Spatial Attention Mechanism for Deepfake Video Detection},
  author={Dagar, Deepak and Vishwakarma, Dinesh Kumar},
  booktitle={2023 3rd International Conference on Mobile Networks and Wireless Communications (ICMNWC)},
  pages={1--5},
  year={2023},
  organization={IEEE}
}
@inproceedings{df6,
  title={ConTrans-Detect: A Multi-Scale Convolution-Transformer Network for DeepFake Video Detection},
  author={Sun, Weirong and Ma, Yujun and Zhang, Hong and Wang, Ruili},
  booktitle={2023 29th International Conference on Mechatronics and Machine Vision in Practice (M2VIP)},
  pages={1--6},
  year={2023},
  organization={IEEE}
}
@inproceedings{df7,
  title={TALL: Thumbnail layout for deepfake video detection},
  author={Xu, Yuting and Liang, Jian and Jia, Gengyun and Yang, Ziming and Zhang, Yanhao and He, Ran},
  booktitle={Proceedings of the IEEE/CVF International Conference on Computer Vision},
  pages={22658--22668},
  year={2023}
}
@inproceedings{df8,
  title={DeepFake Videos Detection by Using Recurrent Neural Network (RNN)},
  author={Albazony, Ali Abdulzahra Mohsin and Al-Wzwazy, Haider A and Al-Khaleefa, Ahmed Salih and Alazzawi, Murtadha A and Almohamadi, Mohammed and Alavi, Seyed Enayatallah},
  booktitle={2023 Al-Sadiq International Conference on Communication and Information Technology (AICCIT)},
  pages={103--107},
  year={2023},
  organization={IEEE}
}
@article{df9,
  title={Msvt: Multiple spatiotemporal views transformer for deepfake video detection},
  author={Yu, Yang and Ni, Rongrong and Zhao, Yao and Yang, Siyuan and Xia, Fen and Jiang, Ning and Zhao, Guoqing},
  journal={IEEE Transactions on Circuits and Systems for Video Technology},
  year={2023},
  publisher={IEEE}
}
@article{df10,
  title={DFFMD: a deepfake face mask dataset for infectious disease era with deepfake detection algorithms},
  author={Alnaim, Norah M and Almutairi, Zaynab M and Alsuwat, Manal S and Alalawi, Hana H and Alshobaili, Aljowhra and Alenezi, Fayadh S},
  journal={IEEE Access},
  volume={11},
  pages={16711--16722},
  year={2023},
  publisher={IEEE}
}
@article{df11,
  title={ISTVT: interpretable spatial-temporal video transformer for deepfake detection},
  author={Zhao, Cairong and Wang, Chutian and Hu, Guosheng and Chen, Haonan and Liu, Chun and Tang, Jinhui},
  journal={IEEE Transactions on Information Forensics and Security},
  volume={18},
  pages={1335--1348},
  year={2023},
  publisher={IEEE}
}
@inproceedings{df12,
  title={Comparative Analysis of Deepfake Video Detection Using Inception Net and Efficient Net},
  author={Mounika, E and Bellam, Tanuep and Bhuvaneswari, P and Rengaraju, Kanagavalli and others},
  booktitle={2022 Fourth International Conference on Emerging Research in Electronics, Computer Science and Technology (ICERECT)},
  pages={1--6},
  year={2022},
  organization={IEEE}
}
@inproceedings{df13,
  title={Adversarially robust deepfake video detection},
  author={Devasthale, Aditya and Sural, Shamik},
  booktitle={2022 IEEE Symposium Series on Computational Intelligence (SSCI)},
  pages={396--403},
  year={2022},
  organization={IEEE}
}
@inproceedings{df14,
  title={Realtime Deepfake Detection using Video Vision Transformer},
  author={Doshi, Abhishek and Venkatadri, Abhinav and Kulkarni, Sayali and Athavale, Vedant and Jagarlapudi, Akhila and Suratkar, Shraddha and Kazi, Faruk},
  booktitle={2022 IEEE Bombay Section Signature Conference (IBSSC)},
  pages={1--6},
  year={2022},
  organization={IEEE}
}
@inproceedings{df15,
  title={A survey on deepfake video detection techniques using deep learning},
  author={Das, Athirasree and Viji, KS Angel and Sebastian, Linda},
  booktitle={2022 Second International Conference on Next Generation Intelligent Systems (ICNGIS)},
  pages={1--4},
  year={2022},
  organization={IEEE}
}
@article{df16,
  title={LiSiam: Localization invariance Siamese network for deepfake detection},
  author={Wang, Jian and Sun, Yunlian and Tang, Jinhui},
  journal={IEEE Transactions on Information Forensics and Security},
  volume={17},
  pages={2425--2436},
  year={2022},
  publisher={IEEE}
}
@inproceedings{df17,
  title={HCiT: Deepfake video detection using a hybrid model of CNN features and vision transformer},
  author={Kaddar, Bachir and Fezza, Sid Ahmed and Hamidouche, Wassim and Akhtar, Zahid and Hadid, Abdenour},
  booktitle={2021 International Conference on Visual Communications and Image Processing (VCIP)},
  pages={1--5},
  year={2021},
  organization={IEEE}
}
@article{df18,
  title={An image is worth 16x16 words: Transformers for image recognition at scale},
  author={Dosovitskiy, Alexey},
  journal={arXiv preprint arXiv:2010.11929},
  year={2020}
}